<record><leader>00000cas a2200000 a 4500</leader><controlfield tag="001">26043637</controlfield><controlfield tag="008">920618d19501961orudn n       0    0eng c</controlfield><datafield ind1=" " ind2=" " tag="010"><subfield code="a">sn 00063703 </subfield></datafield><datafield ind1=" " ind2=" " tag="040"><subfield code="a">ORY</subfield><subfield code="b">eng</subfield><subfield code="c">ORY</subfield><subfield code="d">OCN</subfield><subfield code="d">OCLCQ</subfield><subfield code="d">OCLCF</subfield><subfield code="d">OCLCO</subfield></datafield><datafield ind1="1" ind2=" " tag="029"><subfield code="a">AU@</subfield><subfield code="b">000022417201</subfield></datafield><datafield ind1=" " ind2=" " tag="042"><subfield code="a">pcc</subfield></datafield><datafield ind1=" " ind2=" " tag="043"><subfield code="a">n-us-or</subfield></datafield><datafield ind1="0" ind2=" " tag="130"><subfield code="a">Enterprise-courier (Oregon City, Or.)</subfield></datafield><datafield ind1="1" ind2="0" tag="245"><subfield code="a">Enterprise-courier.</subfield></datafield><datafield ind1=" " ind2=" " tag="260"><subfield code="a">Oregon City, Or. :</subfield><subfield code="b">E.P. Kaen and Walter W.R. May,</subfield><subfield code="c">1950-1961.</subfield></datafield><datafield ind1=" " ind2=" " tag="300"><subfield code="a">v.</subfield></datafield><datafield ind1=" " ind2=" " tag="310"><subfield code="a">Daily (except Mon. and Sat.)</subfield></datafield><datafield ind1="0" ind2=" " tag="362"><subfield code="a">Vol. 84, no. 50 (Mar. 1, 1950)-v. 95, no. 26 (Feb. 9, 1961).</subfield></datafield><datafield ind1=" " ind2=" " tag="530"><subfield code="a">Also issued on microfilm from University of Oregon.</subfield></datafield><datafield ind1=" " ind2="0" tag="651"><subfield code="a">Oregon City (Or.)</subfield><subfield code="v">Newspapers.</subfield></datafield><datafield ind1=" " ind2="0" tag="651"><subfield code="a">Clackamas County (Or.)</subfield><subfield code="v">Newspapers.</subfield></datafield><datafield ind1=" " ind2="7" tag="655"><subfield code="a">Newspapers.</subfield><subfield code="2">fast</subfield><subfield code="0">(OCoLC)fst01423814</subfield></datafield><datafield ind1=" " ind2="7" tag="651"><subfield code="a">Oregon</subfield><subfield code="z">Clackamas County.</subfield><subfield code="2">fast</subfield><subfield code="0">(OCoLC)fst01218420</subfield></datafield><datafield ind1=" " ind2="7" tag="651"><subfield code="a">Oregon</subfield><subfield code="z">Oregon City.</subfield><subfield code="2">fast</subfield><subfield code="0">(OCoLC)fst01221350</subfield></datafield><datafield ind1=" " ind2=" " tag="752"><subfield code="a">United States</subfield><subfield code="b">Oregon</subfield><subfield code="c">Clackamas</subfield><subfield code="d">Oregon City.</subfield></datafield><datafield ind1="0" ind2="4" tag="780"><subfield code="t">Oregon City enterprise (Oregon City, Or. : Daily)</subfield><subfield code="w">(DLC)sn 00063702</subfield><subfield code="w">(OCoLC)26043918</subfield></datafield><datafield ind1="0" ind2="4" tag="780"><subfield code="t">Banner-courier</subfield><subfield code="w">(DLC)sn 00063699</subfield><subfield code="w">(OCoLC)26043808</subfield></datafield><datafield ind1="0" ind2="0" tag="785"><subfield code="t">New enterprise-courier</subfield><subfield code="w">(DLC)sn 00063704</subfield><subfield code="w">(OCoLC)26042478</subfield></datafield></record>